%% This BibTeX bibliography file was created using BibDesk.
%% http://bibdesk.sourceforge.net/

%% Created for Kelsey Maass at 2016-03-05 18:01:36 -0800 


%% Saved with string encoding Unicode (UTF-8) 



@article{FISTA,
	Author = {A. Beck and M. Teboulle},
	Date-Added = {2016-03-06 02:00:23 +0000},
	Date-Modified = {2016-03-06 02:01:15 +0000},
	Journal = {SIAM Journal of Imaging Sciences},
	Number = {1},
	Pages = {183-202},
	Title = {A Fast Iterative Shrinkage-Thresholding Algorithm For Linear Inverse Problems},
	Volume = {2},
	Year = {2009}}

@article{TV,
	Author = {A. Beck and M. Teboulle},
	Date-Added = {2016-03-06 01:58:19 +0000},
	Date-Modified = {2016-03-06 02:00:17 +0000},
	Journal = {IEEE Transactions on Image Processing},
	Month = {November},
	Number = {11},
	Pages = {2419-2434},
	Title = {Fast Gradient-Based Algorithms for Constrained Total Variation Image Denoising and Deblurring Problems},
	Volume = {18},
	Year = {2009}}
